@article{,
    author = {},
    journal = {},
    title = {},
    year = {}
    }
    
@book{,
    author = {},
    publisher = {},
    title = {},
    year = {}
    }  

%% SOTA books
@book{Fletcher1998,
    author = {Fletcher, N.H. and Rossing, T.D.},
    edition = {Second},
    publisher = {Springer},
    title = {The physics of musical instruments},
    
    year = {1998}
    } 
    
@article{Smith2010a,
    author = {Smith, J. O.},
    journal = {Center for computer research in music and acoustics (CCRMA)},
    title = {Virtual acoustic musical instruments: Review and update},
    year = {2010}
    }
    
@book{Smith2010b,
    author = {Smith, J. O.},
    publisher = {W3K Publishing},
    title = {Physical audio signal processing: For virtual musical instruments and digital audio effects},
    year = {2010}
    }  
    
@article{Valimaki2006,
    author = {V\"{a}lim\"{a}ki, V. and Pakarinen, J. and Erkut, C. and Karjalainen, M.},
    journal = {Institute of Physics Publishing},
    title = {Discrete-time modelling of musical instruments},
    year = {2006}
    }
      
@book{Bilbao2009,
    author = {Bilbao, S.},
    publisher = {John Wiley \& Sons},
    title = {Numerical sound synthesis: Finite difference schemes and simulation in musical acoustics},
    year = {2009}
    }    
    
@incollection{Bilbao2018,
    author = {Bilbao, S. and Hamilton, B. and Harrison, R. and Torin, A.},
    booktitle = {Springer Handbook of Systematic Musicology},
    title = {Chapter 19: Finite-difference schemes in musical acoustics: A tutorial},
    pages = {349--384},
    publisher = {Springer},
    year = {2018}
    } 
    
%% Bilbao et al. 
@article{Webb2015,
    author = {Webb, C.J. and Bilbao, S.},
    journal = {Proceedings of the 18th International Conference on Digital Audio Effects (DAFx)},
    title = {On the limits of real-time physical modelling synthesis with a modular environment},
    year = {2015}
    }
    
%% van Walstijn
@article{Mehes2016,
    author = {Mehes, S. and van Walstijn, M. and Stapleton, P.},
    journal = {Proceedings of the 13th Sound and Music Computing Conference (SMC)},
    title = {Towards a virtual-acoustic string instrument},
    year = {2016}
    }
    
@article{Mehes2017,
    author = {Mehes, S. and van Walstijn, M. and Stapleton, P.},
    journal = {{Proceedings of the International Conference on New Interfaces for Musical Expression (NIME)}},
    title = {Virtual-acoustic instrument design: exploring the parameter space of a string-plate model},
    year = {2017}
}

@article{Walstijn2017,
    author = {van Walstijn, M. and Mehes, S.},
    journal = {{Proceedings of the 20th International Conference on Digital Audio Effects (DAFx)}},
    title = {An explorative string-bridge-plate model with tunable parameters},
    year = {2017}
}

%% FPGA (Pfeifle + Bader)
@article{Pfeifle2012,
    author = {Pfeifle, F. and Bader, R.},
    journal = {Proceedings of the 15th International Conference on Digital Audio Effects (DAFx)},
    title = {{Real-time finite difference physical models of musical instruments on a field programmable gate array (FPGA)}},
    year = {2012}
    } 
    
@article{Pfeifle2015,
    author = {Pfeifle, F. and Bader, R.},
    journal = {Journal of the Audio Engineering Society},
    title = {Real-time finite-difference method physical modeling of musical instruments using field-programmable gate array hardware},
    volume = {63},
    number = {12},
    pages = {1001--1016},
    year = {2015}
    } 

@article{Pfeifle2017,
    author = {Pfeifle, F.},
    journal = {Proceedings of the 20th International Conference on Digital Audio Effects (DAFx)},
    title = {Real-time physical model of a Wurlitzer and a Rhodes electric piano},
    year = {2017}
    }
    
%% Miscellaneous articles
@article{Erkut2002,
    author = {Erkut, C. and Karjalainen, M.},
    journal = {Proc. Int. Symp. on Musical Acoustics},
    title = {Finite difference method vs. digital waveguide method in string instrument modeling and synthesis},
    year = {2002}
    } 
    
@article{Maestre2014,
    author = {Maestre, E. and Spa, C. and Smith, J.O.},
    journal = {Proceedings ICMC|SMC|2014},
    title = {A bowed string physical model including finite-width thermal friction and hair dynamics},
    pages = {1305--1311},
    year = {2014}
    }
     
@article{Willemsen2019,
    author = {Willemsen, S. and Andersson, N. and Serafin, S. and Bilbao, S.},
    journal = {Proc. of the 16th Sound and Music Computing Conference},
    title = {Real-Time Control of Large-Scale Modular Physical Models using the Sensel Morph},
    pages = {275--280},
    year = {2019}
    }
    
@article{Borin1989,
    author = {Borin, G. and De Poli, G. and Sarti, A.},
    journal = {Proceedings of the International Computer Music Conference},
    title = {A modular approach to excitator-resonator interaction in physical models syntheses},
    year = {1989}
    }
    
@article{Michon2016,
    author = {Michon, R. and Smith, J.O. and Wright, M. and Chafe, C.},
    journal = {{Proceedings of the International Conference on New Interfaces for Musical Expression (NIME)}},
    title = {{Augmenting the iPad: the BladeAxe}},
    year = {2016}
    }

@article{Rector2014,
    author = {Rector, D. and Topel, S.},
    journal = {{Proceedings of the International Conference on New Interfaces for Musical Expression (NIME)}},
    title = {An electromagnetically actuated drum},
    year = {2014}
    }

@article{Piepenbrink2015,
    author = {Piepenbrink, A. and Wright, M.},
    title = {The bistable resonator cymbal: an actuated acoustic instrument displaying physical audio effects},
    journal = {{Proceedings of the International Conference on New Interfaces for Musical Expression (NIME)}},
    year = {2015}
    }
    
@article{Gelineck2005,
    author = {Gelineck, S. and B\"ottcher, N. and Martinussen, L. and Serafin, S.},
    journal = {{2nd International Conference on Enactive Interfaces (ENACTIVE05)}},
    title = {Virtual reality instruments capable of changing dimensions in real-time},
    year = {2005}
    }
    
@article{Willemsen2017,
    author = {Willemsen, S. and Serafin, S. and Jensen, J.R.},
    journal = {{Proceedings of the 14th Sound and Music Computing Conference (SMC)}},
    title = {Virtual analog simulation and extensions of plate reverberation},
    year = {2017}
    }
    
@article{Michon2017,
    author = {Michon, R. and Smith, J.O. and Wright, M. and Chafe, C. and Granzow, J. and Wang, G.},
    journal = {{Applied Sciences}},
    title = {Mobile music, sensors, physical modeling, and digital fabrication: articulating the augmented mobile instrument},
    year = {2017}
    }
    
@article{Moffat2018,
    author = {Moffat, D. and Reiss, J.D.},
    journal = {{ACM Transactions on Applied Perception}},
    volume = {15},
    number = {2},
    title = {Perceptual evaluation of synthesized sound effects},
    year = {2018}
    }

@book{Meyers2005,
    author = {Meyers, S.},
    publisher = {Addison-Wesley},
    edition = {third},
    title = {Effective C++},
    year = {2005}
    }  

%% Websites
@unpublished{Bybee2019,
	Author = {Bybee, J.},
	Title = {{COSM REVISITED}}, 
	note = {Available at \href{https://www.boss.info/us/community/boss_users_group/1319/}{https://www.boss.info/us/community/\allowbreak boss\_users\_group/1319/}},
	Year = {Accessed July 01, 2019}
	} 
	
@unpublished{NESS2016,
	Author = {The University of Edinburgh},
	Title = {{NESS -- Next Generation Sound Synthesis}}, 
	note = {Available at \href{http://www.ness.music.ed.ac.uk/}{http://www.ness.music.ed.ac.uk/}},
	Year = {Accessed July 01, 2019}
	}  

@unpublished{Sensel2019,
	Author = {Sensel Inc.},
	Title = {{Sensel Morph}}, 
	note = {Available at \href{https://sensel.com/}{https://sensel.com/}},
	Year = {Accessed April 01, 2019}
	}
	
@unpublished{Haply2019,
	Author = {Haply Robotics},
	Title = {{Haply Robotics}}, 
	note = {Available at \href{https://haply.co/robotics.html}{https://haply.co/robotics.html}},
	Year = {Accessed April 01, 2019}
    }
    
@unpublished{littleBits2019,
	Author = {{littleBits Electronics Inc.}},
	Title = {{SynthKit -- littleBits}}, 
	note = {Available at \href{https://shop.littlebits.com/products/synth-kit}{https://shop.littlebits.com/\allowbreak products/synth-kit}},
	Year = {Accessed July 01, 2019}
    }
    
@unpublished{MuX2019,
	Author = {Decochon},
	Title = {{MuX--Build Sound}}, 
	note = {Available at \href{https://www.playmux.com/}{https://www.playmux.com/}},
	Year = {Accessed July 01, 2019}
    }    
    
@unpublished{bela2019,
	Author = {Bela},
	Title = {{Bela: The platform for beautiful interaction}}, 
	note = {Available at \href{https://bela.io/}{https://bela.io/}},
	Year = {Accessed July 01, 2019}
    }    